2128 3299
322 199 371 234 96
792 195 859 229 DE
900 193 1100 229 RERUM
1141 193 1374 229 NATURA

320 286 603 332 Deminuunt
628 282 851 343 radiisque
876 291 1081 325 retexens
1104 281 1313 326 aetherius
1333 281 1417 339 sol,

320 366 378 409 Et
402 364 567 409 siccare
587 361 713 423 prius
737 358 976 403 confidunt
998 358 1150 403 omnia
1171 375 1299 419 posse
1790 367 1852 409 390

319 442 470 499 Quam
491 440 643 499 liquor
666 435 833 499 incepti
852 436 990 497 possit
1012 437 1276 497 contingere
1300 435 1453 492 finem,

318 521 514 564 Tantum
538 515 756 578 spirantes
778 530 907 575 aequo
932 513 1177 559 certamine
1202 512 1371 557 bellum

318 595 495 658 Magnis
518 594 642 638 inter
665 609 716 638 se
739 591 794 636 de
817 592 951 636 rebus
974 608 1160 636 cernere
1182 600 1374 646 certant,

318 675 434 719 Cum
455 671 592 725 semel
615 670 786 715 interea
809 669 945 714 fuerit
966 668 1255 732 superantior
1277 668 1392 730 ignis

319 752 376 796 Et
395 749 549 804 semel,
573 759 623 794 ut
647 748 765 793 fama
789 758 874 806 est,
898 764 1032 792 umor
1056 747 1255 809 regnarit
1278 746 1324 791 in
1345 746 1477 793 arvis.
1792 744 1854 783 395

317 829 441 890 Ignis
464 827 586 873 enim
606 836 791 889 superat
814 836 858 871 et
878 826 1078 871 lambens
1102 825 1245 870 multa
1270 824 1483 887 perussit,

317 906 429 951 Avia
450 922 554 950 cum
579 905 861 949 Phaethonta
887 921 1025 966 rapax
1043 903 1108 948 vis
1128 903 1231 948 solis
1251 920 1473 964 equorum

318 984 499 1029 AEthere
523 982 717 1044 raptavit
742 971 1093 1043 toto-terrasque
1116 998 1197 1043 per
1222 981 1366 1025 omnis
1395 999 1404 1026 ι

318 1066 377 1107 At
397 1071 526 1125 pater
549 1060 838 1122 omnipotens
861 1059 926 1104 ira
950 1069 1048 1104 tum
1072 1059 1269 1122 percitus
1293 1059 1383 1103 acri

318 1138 662 1201 Magnanimum
686 1137 970 1182 Phaethonta
995 1136 1174 1199 repenti
1198 1136 1398 1181 fulminis
1423 1136 1516 1180 ictu
1642 1136 1645 1138 ’
1795 1150 1856 1182 400

319 1217 592 1263 Deturbavit
616 1217 744 1278 equis
764 1215 811 1259 in
834 1225 1020 1274 terram,
1050 1214 1207 1276 solque
1231 1213 1408 1259 cadenti

321 1294 496 1340 Obvius
517 1304 732 1339 aeternam
758 1293 957 1355 succepit
977 1292 1184 1355 lampada
1209 1291 1387 1348 mundi,

319 1372 631 1434 Disjectosque
651 1371 825 1433 redegit
851 1388 991 1432 equos
1007 1370 1249 1432 junxitque
1273 1369 1525 1427 trementis,

320 1450 433 1496 Inde
453 1467 584 1496 suum
612 1466 694 1512 per
714 1449 798 1494 iter
818 1448 1036 1493 recreavit
1059 1458 1223 1493 cuncta
1245 1448 1520 1510 gubernans,

365 1616 436 1643 2392.
456 1612 617 1651 Spirantes
638 1609 751 1639 hellam
767 1621 772 1637 :
788 1608 872 1650 Ἄρη
891 1608 1052 1646 πνέοντες.

319 1660 468 1697 petrone,
495 1662 563 1689 Sat.
590 1662 647 1687 422
677 1669 683 1686 2

319 1714 385 1737 tum
397 1708 511 1746 spirare
528 1712 659 1746 putareS.
681 1718 694 1732 >³
707 1723 748 1727 —
760 1706 973 1735 Certamine...
987 1715 1055 1733 cer-

320 1766 390 1785 nere
405 1762 534 1784 certant.
554 1756 638 1783 Dans
656 1760 740 1782 toute
755 1759 836 1782 cette
852 1752 1053 1791 description,

321 1803 454 1833 Lucrece
473 1802 560 1842 peint
578 1803 605 1831 la
632 1802 708 1831 lutte
731 1801 769 1830 de
789 1800 866 1830 l'eau
888 1807 918 1830 et
941 1801 983 1829 du
1005 1800 1054 1830 feu

321 1862 391 1880 sous
410 1851 451 1880 les
470 1851 582 1880 memes
600 1849 683 1878 traits
699 1859 759 1888 que
783 1849 809 1877 la
830 1849 904 1877 lutte
925 1848 964 1877 de
977 1849 1055 1877 deux

323 1899 492 1940 guerriers3
516 1908 549 1927 ce
565 1898 637 1926 duel
653 1902 739 1926 entre
758 1897 799 1925 les
821 1897 899 1925 deux
913 1896 1056 1925 elements

323 1945 466 1976 acliarnes
483 1946 499 1974 a
517 1956 548 1974 se
567 1944 699 1974 detruire
715 1956 731 1973 a
746 1943 919 1983 saitsonger
928 1943 1055 1973 Lambin

325 2005 363 2023 au
382 1994 503 2023 combat
519 1992 686 2032 d’Apollon
702 1998 732 2021 et
756 1992 795 2020 de
816 1992 960 2031 Neptune
982 1992 1057 2020 dans

325 2041 467 2078 uomere,
494 2040 609 2074 Iliade,
637 2041 705 2070 XX.
734 2040 775 2069 Le
803 2045 907 2068 savant
929 2039 1058 2078 critique

326 2095 396 2119 veut
418 2089 485 2118 voir
512 2089 586 2117 dans
615 2094 694 2117 cette
724 2087 800 2116 lntte
829 2097 869 2115 un
892 2086 1055 2125 symbole:

331 2150 343 2164 «ι
367 2139 424 2166 Per
449 2136 633 2176 Apollinem,
656 2134 769 2173 inquit,
788 2134 833 2162 sul
859 2134 1055 2175 significatur,

325 2195 380 2226 per
395 2185 573 2224 Neptunum
589 2193 670 2212 mare
688 2189 717 2212 ct
745 2193 893 2222 aquarum
911 2188 1056 2214 natura...

326 2232 438 2272 Apollo
455 2238 568 2271 autem,
594 2240 648 2270 per
667 2240 759 2270 quem
784 2230 829 2258 sol
855 2237 883 2259 et
903 2231 994 2259 ardor
1017 2230 1057 2258 si-

326 2280 502 2321 gnificatur,
535 2288 676 2320 pugnans
707 2288 776 2307 cum
811 2278 968 2318 Neptuno,
1003 2288 1059 2316 per

327 2338 419 2368 quern
438 2327 549 2356 humor
573 2333 604 2356 et
633 2336 725 2365 mare,
747 2324 819 2354 sinit
836 2326 873 2354 ad
892 2332 1058 2355 extremum

328 2386 359 2406 se
379 2374 558 2404 vinci.Nam
573 2373 598 2402 si
614 2374 658 2401 sol
675 2383 795 2401 omnem
819 2372 978 2402 humorem
993 2373 1058 2402 cbi-

329 2423 412 2452 beret
434 2428 525 2461 atque
552 2420 738 2456 exhauriret,
764 2420 814 2448 hic
839 2420 1060 2460 pulcherrimus

329 2470 437 2500 mundi
457 2475 581 2499 ornatus
601 2468 712 2497 ardore
730 2467 941 2508 conflagraret.
958 2481 974 2496 n

373 2522 431 2548 393
462 2519 550 2548 Inter
571 2526 615 2545 se.
638 2518 693 2545 Les
719 2515 897 2544 manuscrits
919 2522 973 2544 ont
988 2517 1060 2545 sim-

330 2567 464 2606 plement
481 2577 487 2594 :
504 2565 623 2604 mugnis
637 2563 676 2592 de
694 2564 782 2592 rebus
797 2573 917 2592 cernere
930 2571 1060 2595 certant.

329 2614 361 2646 Si
376 2615 404 2643 la
423 2614 527 2643 lacune
540 2613 607 2642 doit
623 2613 687 2641 etre
703 2610 839 2640 comble'e
852 2621 908 2649 par
924 2612 1004 2640 inter
1016 2623 1059 2651 sc,

331 2672 366 2691 ce
385 2661 439 2701 qui
461 2667 507 2691 est
528 2659 767 2698 vraisemblable,
786 2658 807 2687 il
828 2658 889 2687 saut
909 2670 946 2687 au
964 2659 1063 2688 moins

719 1671 733 1684 «
757 1657 865 1687 Civiles
892 1657 970 1687 acies
992 1657 1054 1696 jam

332 2721 372 2739 ne
393 2720 447 2748 pas
464 2709 564 2748 placer
578 2709 657 2736 inter·
671 2718 703 2736 sc
725 2705 811 2746 api-'es
826 2706 927 2742 rebus,
945 2718 1063 2736 comme

331 2758 358 2786 le
387 2756 441 2786 fait
471 2755 618 2786 Lemaire.
648 2772 689 2778 —
723 2756 858 2791 Cernere,
892 2754 919 2783 le
955 2754 1063 2793 simple

333 2815 412 2844 pour
423 2804 450 2833 le
463 2803 706 2844 compose,dans
721 2803 749 2832 le
764 2812 833 2831 sens
844 2803 882 2831 de
898 2802 1061 2837 dimicare,-

333 2851 374 2882 οἷ.
394 2851 521 2887 Ennius,
552 2855 633 2881 Λιιιι.
664 2855 718 2879 544

334 2901 452 2940 magnis
481 2900 518 2928 dc
547 2899 635 2928 rebus
670 2904 804 2939 agentes,
838 2910 851 2923 n

335 2949 409 2977 Asu.
441 2947 508 2981 ΧΗ,
533 2950 592 2975 709
616 2958 619 2973 :

883 2904 912 2927 et
941 2898 1062 2939 Virgile,

647 2960 660 2972 x«
677 2956 799 2975 cernere
821 2945 911 2976 ferro,
932 2960 944 2972 ι)

746 2861 751 2878 ;
777 2863 790 2876 ιι
814 2848 873 2879 olli
902 2851 1064 2879 cernebant
1087 2848 1090 2850 ’

1170 1612 1242 1638 394.
1263 1609 1476 1648 Superantior,
1495 1606 1581 1646 ἅπαξ
1598 1610 1685 1648 λεγκ,
1712 1608 1753 1638 cf.
1767 1608 1859 1638 l'em-
1906 1605 1938 1629 ’4

1127 1656 1190 1697 ploi
1217 1657 1255 1686 de
1275 1656 1452 1686 semblables
1471 1656 1676 1695 comparatils,
1702 1657 1751 1692 lv,
1771 1661 1829 1686 958
1851 1668 1857 1685 ι

1129 1718 1143 1732 «
1161 1711 1191 1734 et
1203 1704 1328 1733 divisior
1343 1705 1422 1734 inter
1437 1714 1468 1734 se
1483 1715 1518 1734 ac
1531 1704 1710 1733 distractior
1721 1710 1815 1734 aetus.
1842 1716 1857 1730 »

1171 1757 1241 1783 396.
1261 1756 1405 1792 Superat,
1420 1752 1499 1791 parf.
1516 1758 1629 1791 contr„
1647 1762 1765 1782 comme
1786 1765 1801 1779 α
1813 1750 1859 1781 ir·
1912 1758 1914 1761 '

1126 1801 1198 1830 ritat
1214 1814 1227 1827 n
1237 1826 1245 1840 ‚
1264 1802 1287 1842 1,
1302 1805 1354 1836 70,
1366 1810 1485 1830 comme
1497 1814 1513 1828 «
1526 1800 1591 1830 obit
1603 1813 1632 1830 ».
1644 1817 1686 1823 —-
1695 1799 1859 1840 Lambens,

1128 1855 1158 1877 et
1174 1859 1236 1877 non
1258 1848 1392 1882 umbem,
1421 1858 1540 1877 comme
1562 1847 1708 1879 Lemaire.
1729 1849 1771 1878 La
1788 1853 1862 1877 note

1128 1897 1165 1925 de
1185 1896 1359 1925 Lachmann
1387 1896 1545 1925 demontre
1571 1894 1862 1935 peremptoirement

1131 1943 1172 1982 (p.
1186 1942 1259 1984 290)
1277 1954 1336 1982 que
1350 1957 1363 1970 ι(
1377 1943 1500 1972 :nubens
1512 1955 1526 1969 n
1539 1953 1577 1972 ne
1593 1949 1666 1983 peut
1678 1942 1862 1983 s'employer

1129 1991 1159 2019 ni
1171 2002 1251 2030 pour
1268 2004 1283 2017 <t
1303 1992 1437 2021 ambiens
1452 2004 1466 2017 n
1483 1990 1513 2020 ni
1531 2002 1610 2030 pour
1625 2003 1640 2017 α
1651 1991 1815 2020 ambedens
1829 2002 1861 2021 n.

1172 2043 1242 2068 397.
1265 2040 1358 2069 Avia.
1379 2039 1426 2070 Cf.
1451 2038 1562 2075 Ovide,
1582 2037 1662 2068 Me'c.
1690 2039 1732 2072 Il,
1753 2041 1810 2067 ⁴67
1833 2042 1864 2067 et

1130 2090 1189 2116 205
1208 2097 1213 2114 :
1228 2100 1241 2113 «
1258 2086 1456 2127 Rapiuntque
1471 2096 1526 2124 per
1542 2085 1608 2115 avia
1622 2086 1764 2117 Currum.
1783 2099 1798 2112 »

1172 2137 1245 2165 400.
1266 2135 1516 2175 Magnanimum,
1534 2134 1756 2174 l'orgueilleux,
1778 2132 1863 2175 μέγα

1131 2186 1325 2224 φρονοῦντα.
1335 2200 1375 2205 -
1391 2182 1530 2222 Repenti,
1544 2192 1625 2221 pour
1639 2181 1861 2221 «repentino».
1886 2199 1894 2208 t

1130 2232 1179 2261 Cf.
1195 2232 1269 2259 AE'n.
1283 2231 1358 2270 XII,
1373 2234 1432 2259 343
1447 2240 1453 2258 :
1469 2231 1581 2267 Quaeve
1598 2228 1654 2259 ista
1677 2239 1788 2269 repens
1802 2227 1864 2258 dis-

1132 2277 1236 2307 cordia
1252 2277 1361 2318 surgit.
1382 2291 1396 2304 υ

1176 2329 1229 2354 401
1240 2348 1247 2355 .
1266 2325 1447 2355 Deturbavit
1465 2325 1551 2365 equis
1570 2325 1603 2353 in
1622 2330 1746 2356 terram.
1760 2319 1863 2355 L’Eri-

1133 2374 1192 2403 dan
1207 2372 1233 2402 le
1246 2379 1329 2413 reeut
1350 2372 1424 2402 daus
1441 2383 1472 2401 sa
1486 2373 1587 2414 chute,
1621 2385 1638 2400 α
1658 2371 1865 2412 fumantiaque

1133 2420 1230 2450 abluit
1243 2431 1294 2449 ora
1312 2433 1341 2461 n,
1359 2420 1404 2449 dit
1423 2420 1531 2451 Ovide.
1548 2419 1688 2461 ixi-inme,
1706 2419 1864 2462 περὶθαυ-

1136 2480 1208 2509 μας.
1223 2464 1380 2509 gamunu„
1393 2474 1517 2498 raconte
1532 2468 1694 2508 qu'aupres
1703 2469 1745 2498 du
1754 2467 1864 2505 fleuve,

1133 2527 1194 2545 non
1217 2516 1279 2544 loin
1305 2517 1341 2544 ‹lc
1370 2516 1514 2545 l’endroit
1539 2516 1579 2546 οὐ
1599 2516 1620 2545 il
1641 2525 1671 2545 se
1686 2515 1763 2554 jette
1790 2515 1866 2545 dans

1134 2563 1344 2603 ludi-ianque,
1368 2564 1387 2592 il
1407 2563 1503 2594 existe
1521 2574 1562 2593 un
1581 2563 1690 2593 mat-ais
1708 2573 1766 2592 aux
1788 2573 1865 2593 eaux

1134 2611 1265 2640 eliaudes
1285 2617 1315 2640 et
1336 2611 1532 2649 sulfureuses;
1550 2610 1624 2641 c'est
1636 2611 1712 2640 dans
1725 2621 1774 2641 ces
1788 2620 1865 2641 eaux

1137 2660 1227 2698 qu’au
1247 2659 1314 2688 dire
1329 2660 1382 2688 des
1401 2659 1556 2689 habitants
1572 2659 1614 2688 du
1632 2669 1708 2699 pays
1727 2657 1865 2689 Phaeton

1134 2707 1228 2736 aurait
1241 2707 1287 2736 c'tc'¹
1299 2707 1458 2746 precipite-

1177 2758 1248 2784 403.
1267 2754 1421 2795 ϋί.(]”σι·ιος
1437 2755 1568 2794 redegit.
1585 2754 1634 2786 Cf.
1655 2754 1764 2792 Ovide,
1785 2754 1864 2786 Μέι.

1137 2804 1175 2837 11,
1196 2808 1254 2831 :59³
1277 2815 1283 2831 z
1314 2817 1328 2829 «ι
1352 2803 1476 2843 Colligit
1494 2809 1627 2833 amentes
1651 2809 1683 2833 et
1696 2803 1796 2833 adhue
1811 2808 1868 2833 ter-

1134 2862 1204 2880 rore
1224 2858 1364 2889 paventes
1384 2851 1512 2880 Phoebus
1534 2861 1642 2891 equos.
1661 2864 1676 2878 n

1179 2901 1250 2929 11⁰4.
1271 2901 1367 2928 Suum
1384 2910 1421 2928 ne
1445 2909 1476 2929 se
1491 2906 1635 2938 rapporte
1653 2909 1707 2939 pas
1726 2909 1764 2928 au
1787 2897 1864 2938 sujet
1899 2903 1904 2912 '

1136 2947 1173 2975 de
1188 2946 1214 2975 la
1234 2946 1438 2989 proposition,
1454 2957 1573 2977 comme
1581 2946 1654 2977 c'cst
1666 2946 1779 2988 l’usage
1791 2946 1866 2975 dans
