2128 3299
305 195 355 232 94
772 194 843 228 DE
884 193 1085 227 RERUM

1129 191 1363 227 NATURA

303 285 452 345 Atque
476 281 539 327 illi
562 298 674 343 quos
695 297 718 324 a
743 280 832 324 vita
854 289 1013 324 natura
1037 281 1246 326 removit.
1779 289 1840 322 3³30

369 363 594 405 Praeterea
618 374 917 419 quaecumque
948 367 1134 402 manent
1159 367 1324 402 aeterna
1352 366 1577 401 necessust

303 440 411 496 Aut,
439 437 544 499 quia
569 444 673 480 sunt
697 434 844 480 solido
865 452 969 480 eum
992 451 1202 497 corpore,
1231 451 1443 496 respuere
1464 433 1579 478 ictus

304 518 400 562 Nec
421 523 658 577 penetrare
678 512 770 576 pali
795 512 880 557 sibi
903 512 1146 575 quicquam
1172 511 1294 574 quod
1316 522 1451 573 queat
1473 522 1590 558 artas

303 591 554 638 Dissoeiare
577 590 697 636 intus
718 590 874 653 partis,
899 601 950 636 ut
969 589 1173 636 materiai

303 673 509 732 Corpora
529 679 650 729 sunt,
679 685 876 730 quorum
897 679 1106 714 naturam
1133 666 1410 713 ostendimus
1433 677 1557 726 ante,
1782 676 1840 708 355

305 750 395 794 Aut
418 747 520 793 ideo
542 747 707 792 durare
729 757 904 793 aetatem
929 764 1057 810 posse
1083 763 1163 810 per
1186 762 1387 805 omnem,

304 827 543 888 Plagarum
567 825 671 887 quia
691 835 795 870 sunt
818 825 1036 888 expertia,
1064 824 1177 870 sicut
1198 824 1328 869 inane
1350 835 1432 884 est,

305 904 443 964 Quod
463 914 614 949 manet
638 904 858 948 intactum
883 920 1029 966 neque
1050 903 1105 948 ab
1128 902 1218 948 ictu
1248 902 1455 964 fungitur
1481 902 1640 960 hilum,

304 987 396 1028 Aut
415 981 548 1027 etiam
570 981 675 1043 quia
704 982 827 1027 nulla
851 977 937 1027 loci
959 980 1009 1027 fit
1030 981 1158 1044 copia
1184 981 1378 1039 circum,

304 1061 411 1120 Quo
431 1060 558 1123 quasi
579 1077 648 1105 res
670 1059 841 1123 possint
862 1059 1090 1105 discedere
1120 1058 1413 1120 dissoluique,
1781 1067 1842 1099 360

303 1139 428 1185 Sicut
450 1155 731 1184 summarum
752 1155 927 1183 summa
951 1147 1017 1183 est
1042 1147 1229 1193 aeterna,
1253 1153 1400 1199 neque
1421 1146 1546 1182 extra

303 1217 398 1276 Qui
417 1217 542 1262 locus
562 1227 627 1263 est
647 1233 737 1280 quo
762 1215 996 1272 dissiliant,
1023 1233 1170 1278 neque
1191 1231 1387 1278 corpora
1410 1224 1514 1260 sunt
1534 1230 1635 1276 quae

304 1295 483 1342 Possint
507 1294 704 1340 incidere
728 1304 772 1340 et
795 1294 942 1340 valida
965 1294 1207 1340 dissolvere
1229 1293 1376 1357 plaga.

302 1486 384 1517 suge.
408 1474 504 1515 Apres
521 1473 607 1503 avoir
623 1472 695 1503 bien
709 1472 800 1503 etabli
817 1484 876 1513 que
895 1473 975 1502 idem
998 1483 1035 1503 ne

302 1529 376 1562 peut
394 1532 448 1562 pas
464 1522 528 1550 eti-e
550 1520 746 1560 l'equivalent
758 1520 795 1549 (le
818 1534 832 1547 n
851 1531 907 1549 nos
926 1519 985 1559 ipsi
997 1533 1035 1557 »;

303 1581 374 1610 que,
393 1570 508 1599 d’autre
531 1574 612 1608 part,
636 1568 733 1597 isdem
759 1574 804 1597 est
829 1567 1038 1607 inacceptable

304 1617 413 1657 (isdem
440 1628 478 1647 ne
507 1616 599 1646 semel
630 1616 755 1656 quidem
779 1616 972 1655 membranae,
1001 1627 1033 1655 p.

303 1666 374 1706 262)
410 1676 447 1695 au
480 1665 570 1704 point
605 1665 641 1693 de
667 1674 725 1693 vue
760 1663 995 1705 diplomatique,
1016 1664 1036 1693 il

301 1713 450 1744 construit
469 1725 474 1741 :
495 1712 575 1742 idem.
592 1712 672 1741 inter
686 1723 752 1748 nos,
774 1718 804 1742 et
820 1725 825 1742 :
849 1712 929 1741 idem
945 1718 1037 1751 atque

301 1761 364 1802 illi,
378 1775 392 1788 u
404 1762 463 1791 hoc
481 1767 537 1797 est,
555 1761 635 1790 inter
654 1771 710 1789 nos
727 1759 884 1799 simillimi,
903 1771 1038 1799 aepror-

301 1821 351 1839 sus
366 1809 460 1839 iidem
477 1820 533 1838 nos
547 1815 577 1839 et
591 1808 634 1837 illi
656 1808 708 1848 qui
724 1809 786 1848 jam
805 1808 917 1837 mortui
929 1814 1008 1837 sunt.
1020 1821 1034 1834 n

301 1858 382 1888 C’est
401 1857 476 1886 ainsi
492 1868 552 1896 que
567 1859 613 1887 M.
634 1856 759 1887 Crouslt':
777 1868 793 1885 a
811 1856 1036 1886 excellemment

301 1905 434 1935 traduit:
458 1919 473 1932 ιι
505 1906 667 1934 Comment
696 1915 908 1945 voyous-nous
941 1915 1035 1933 nous-

302 1955 414 1983 memes
434 1963 494 1993 que
513 1963 591 1982 nous
602 1961 730 1982 sommes
747 1952 891 1981 mortels?
905 1953 950 1982 En
960 1962 1037 1981 nous

300 2007 480 2040 comparant
504 2007 590 2030 entre
621 2010 720 2029 nous:
740 2000 782 2029 les
801 1999 945 2029 maladies
960 2010 1037 2028 nous

302 2049 434 2089 minent,
459 2055 489 2078 et
502 2058 580 2078 nous
590 2058 719 2077 sommes
739 2047 915 2078 semblables
930 2049 946 2076 Ξι
962 2058 1035 2078 ceux

303 2108 364 2137 que
379 2098 406 2126 la
424 2103 532 2126 nature
548 2107 563 2125 a
578 2096 645 2135 dijia
661 2096 833 2125 retranches
852 2096 893 2124 du
910 2096 1039 2125 nombre

302 2145 355 2174 des
375 2145 505 2176 vivants,
528 2157 543 2171 n

345 2197 501 2222 ἑῶυ-379.
519 2191 615 2231 Apres
637 2191 678 2221 les
693 2201 822 2231 preuves
836 2191 1034 2232 historiques,

301 2241 435 2271 Lucrece
451 2241 551 2280 ajoute
570 2240 612 2269 les
629 2250 756 2279 preuves
775 2239 1034 2280 metaphysiqueS,

301 2300 343 2318 ou
374 2289 476 2328 plutot
506 2287 710 2327 mecaniques,
741 2287 793 2327 qui
825 2288 1004 2327 s'opposent
1020 2287 1036 2317 il

301 2335 522 2366 l’immortalite
552 2336 592 2365 de
622 2335 777 2366 l'univers.
801 2354 843 2359 —
859 2337 1033 2367 Necessust.

302 2384 352 2418 Cf.
373 2386 428 2421 IV,
452 2388 523 2420 999,
541 2390 570 2413 et
590 2383 614 2411 la
639 2389 711 2413 note
732 2384 769 2413 de
793 2383 966 2413 Lachmann
996 2394 1035 2413 au

302 2443 331 2465 v.
350 2437 421 2474 8151
436 2433 487 2468 Vl,
500 2443 530 2471 p.
552 2435 621 2460 396.
637 2434 687 2461 On
704 2438 810 2461 trouve
829 2432 905 2461 dans
918 2433 1035 2469 Plaute,

304 2490 421 2510 comme
441 2480 517 2508 dans
527 2478 668 2518 Lucrece,
686 2490 723 2507 au
736 2479 902 2509 nominatis
919 2486 1036 2518 neutro,

304 2529 348 2559 les
366 2527 442 2558 trois
456 2527 566 2557 formes
587 2534 786 2563 necessumst,
804 2534 970 2565 necessust,
983 2539 1038 2557 ne-

303 2588 385 2606 cesse
399 2583 461 2613 est;
475 2582 505 2605 et
518 2577 592 2605 dans
606 2575 756 2616 Terence,
777 2577 858 2605 Eun.
873 2576 910 2616 V,
926 2579 955 2616 5,
973 2580 1009 2605 28
1028 2588 1033 2605 ε

305 2636 323 2652 α
352 2626 500 2654 Necessus
526 2623 598 2660 suit3
623 2636 637 2650 n
663 2624 872 2664 Ile11ueon.ll,
895 2628 928 2663 13,
954 2627 1035 2652 Μῦς

306 2686 320 2699 «
347 2679 380 2702 ut
395 2672 433 2702 sit
443 2682 589 2702 necessus.
610 2684 624 2697 n
644 2670 691 2702 Cf.
711 2677 782 2701 note
802 2682 839 2700 au
856 2682 883 2700 v.
903 2674 952 2702 57.

348 2725 418 2750 25:3¹.
444 2720 550 2750 Solido
577 2730 643 2748 cum
665 2729 796 2758 corpore.
827 2718 976 2758 L’emploi
1001 2720 1038 2749 dc

305 2779 370 2797 cum
392 2779 461 2797 avec
489 2767 615 2796 l'ablatis
637 2773 681 2796 est
712 2766 772 2796 tri-s
797 2766 940 2807 frequent
964 2767 1038 2796 dans

306 2818 445 2854 Lucieno,
456 2827 535 2855 pour
546 2816 666 2845 donni-r
677 2815 743 2855 plus
755 2816 792 2844 ‹lc
805 2815 886 2844 soree
901 2817 914 2843 ξι
927 2815 1015 2845 1’ὶ(1(’·ο
1030 2828 1035 2845 :

306 2866 417 2895 Muuro
440 2875 477 2893 eu
497 2864 556 2892 cite
580 2875 619 2892 uu
638 2863 732 2904 grand
754 2864 883 2893 nombre
903 2862 1036 2894 d'exem-

306 2912 382 2952 ples,
405 2922 438 2951 p.
461 2916 518 2940 :580
537 2912 574 2941 de
595 2922 651 2940 son
671 2911 895 2943 commentaire.
918 2929 957 2934 —
974 2912 1038 2942 Re-

304 2970 411 3002 spuet-e
427 2960 523 2995 ictus,·
544 2959 583 2990 cf.
601 2960 639 2996 ll,
661 2962 720 2988 428
743 2971 747 2989 :
772 2973 784 2986 ι·
810 2959 886 2990 ictus
899 2966 1036 2991 contem-

1110 1482 1202 1508 nere;
1228 1485 1242 1499 »
1280 1470 1366 1501 Pline
1391 1470 1538 1512 l'Ancien,
1566 1471 1606 1503 H.
1636 1472 1675 1502 N.
1696 1470 1844 1506 XXXVII,

1112 1524 1163 1561 57,
1188 1519 1235 1549 dit
1253 1519 1306 1549 des
1331 1518 1506 1548 diamants:
1544 1532 1558 1546 «
1580 1520 1770 1559 Respuentes
1801 1518 1846 1547 ic-

1109 1574 1157 1598 tus
1172 1580 1202 1602 ι»,
1220 1567 1312 1608 qu’ils
1324 1573 1393 1596 sont
1412 1566 1599 1596 refractaires
1618 1577 1675 1596 aux
1693 1576 1801 1607 coups.

1155 1620 1226 1646 354.
1240 1615 1390 1645 materiai
1410 1617 1552 1655 Corpora,
1572 1615 1613 1643 les
1629 1620 1754 1645 atomes.

1153 1668 1224 1695 358.
1243 1664 1397 1703 Fungitur
1411 1662 1522 1694 hilum.
1538 1662 1686 1702 L'emploi
1699 1662 1846 1704 defungi

1111 1723 1183 1742 avec
1199 1711 1366 1742 l'aecusatis
1375 1712 1451 1741 n’est
1469 1722 1521 1751 pas
1539 1721 1655 1751 propre
1672 1712 1687 1740 Ξι
1702 1709 1846 1752 Βυοτὲεε,

1111 1760 1185 1790 mais
1201 1760 1228 1790 le
1245 1759 1337 1800 poete
1355 1760 1457 1788 donne
1475 1759 1493 1788 ὲ
1508 1765 1587 1789 cette
1610 1758 1788 1798 expression
1805 1769 1847 1788 un

1110 1819 1178 1838 sens
1213 1807 1390 1847 particulier
1415 1818 1421 1836 :
1451 1807 1472 1836 il
1498 1808 1546 1836 n‘a
1572 1806 1640 1837 rien
1675 1807 1691 1836 a
1717 1805 1848 1836 demeler

1111 1867 1183 1886 avec
1210 1856 1251 1885 les
1282 1866 1392 1897 coups,
1412 1868 1426 1882 κ
1457 1855 1535 1884 ictus
1561 1854 1689 1884 nihilum
1712 1860 1808 1885 curat.
1830 1866 1844 1880 »ν

1111 1904 1268 1944 Fungitur
1297 1910 1341 1933 est
1361 1905 1376 1932 a
1398 1913 1457 1942 peu
1484 1902 1554 1942 pres
1579 1902 1775 1942 l’equivalent
1808 1902 1847 1931 de

1116 1965 1129 1979 «
1150 1951 1266 1992 patitur
1285 1965 1312 1991 n,
1330 1950 1405 1980 mais
1424 1951 1445 1980 il
1464 1960 1588 1990 marque
1605 1950 1737 1991 quelque
1755 1949 1847 1979 chose

1111 2001 1150 2030 de
1164 2000 1242 2040 plue.

1155 2053 1228 2080 359.
1246 2048 1321 2078 Loci
1336 2048 1386 2089 fit
1414 2048 1514 2087 copia,
1538 2044 1656 2086 oppose
1679 2056 1718 2075 au
1733 2051 1847 2076 natura

1112 2095 1172 2125 loci
1188 2096 1306 2137 Deficit
1322 2096 1363 2125 ‹lu
1383 2107 1411 2126 ν.
1425 2099 1483 2125 370
1498 2105 1504 2123 :
1523 2104 1558 2124 ce
1571 2093 1626 2134 qui
1640 2104 1755 2133 prouve
1772 2093 1848 2133 qu'il

1113 2144 1177 2173 faut
1189 2144 1353 2185 iwrirestt,
1371 2150 1401 2174 et
1417 2154 1480 2172 non
1491 2143 1547 2179 sit,
1565 2151 1682 2171 comme
1697 2141 1847 2179 Lemaire,

1114 2192 1166 2232 qui
1186 2193 1233 2221 n'a
1254 2193 1322 2232 plus
1337 2190 1432 2232 songe
1451 2202 1488 2220 au
1509 2190 1582 2230 quia
1606 2196 1679 2219 sunt
1709 2189 1846 2230 expertia

1113 2242 1155 2270 du
1174 2251 1203 2270 v.
1229 2245 1299 2280 357,
1323 2251 1376 2280 pas
1403 2240 1469 2279 plus
1496 2238 1586 2278 qu'au
1609 2251 1623 2265 u
1644 2247 1754 2279 magna
1774 2236 1846 2266 mali

1114 2289 1147 2318 fit
1165 2288 1253 2328 copia
1269 2288 1395 2323 circum,
1414 2299 1428 2314 n
1452 2288 1503 2325 vl,
1524 2290 1605 2321 8293
1627 2291 1705 2316 cette
1720 2294 1844 2325 expres·-

1113 2337 1181 2366 sion
1199 2343 1244 2366 est
1263 2334 1441 2375 empruntee
1467 2344 1535 2363 sans
1557 2334 1650 2363 doute
1672 2334 1688 2362 ὲ
1718 2332 1845 2372 Ennius,

1114 2384 1187 2414 cbez
1214 2384 1313 2423 lequel
1337 2394 1377 2412 on
1400 2389 1518 2418 trouve,
1536 2383 1620 2413 Λιιιι.
1641 2385 1701 2411 437
1723 2392 1730 2410 :
1751 2394 1767 2409 α
1784 2382 1847 2412 Nec

1112 2431 1283 2472 respirandi
1299 2432 1333 2460 fit
1347 2431 1448 2471 copia.
1471 2444 1486 2457 n

1156 2484 1226 2511 361.
1252 2482 1444 2509 Summarum
1465 2488 1596 2508 summa.
1624 2477 1671 2508 Cf.
1694 2478 1730 2517 ll,
1756 2480 1814 2507 303
1835 2487 1841 2506 :

1113 2542 1127 2556 «
1141 2530 1201 2558 Nec
1211 2539 1310 2558 rerum
1324 2538 1469 2557 summam
1479 2532 1666 2556 commutare
1676 2525 1735 2555 ulla
1745 2530 1848 2565 potest

1111 2576 1166 2609 vis.
1189 2578 1265 2607 Nam
1295 2587 1393 2616 neque
1425 2586 1487 2615 quo
1510 2573 1609 2615 possit
1634 2583 1728 2615 genus
1752 2573 1844 2602 ullum

1112 2624 1247 2654 materiai
1271 2624 1414 2665 Effugere
1436 2634 1472 2654 ex
1498 2622 1596 2660 omni,
1619 2622 1783 2662 quicquam
1801 2627 1848 2651 est

1110 2679 1204 2712 extra,
1225 2683 1325 2712 neque
1347 2672 1378 2701 in
1406 2681 1496 2701 omne
1513 2671 1604 2702 Unde
1624 2676 1728 2700 coorta
1755 2675 1847 2709 queat

1112 2731 1189 2750 nova
1201 2720 1244 2749 vis
1264 2720 1443 2761 irrumpere,
1455 2725 1485 2749 et
1498 2729 1620 2748 omnem
1633 2719 1781 2748 Naturam
1797 2727 1846 2747 re-

1111 2779 1176 2798 rum
1197 2775 1313 2798 mutare
1331 2775 1362 2797 et
1375 2774 1493 2797 vertere
1506 2773 1618 2797 motuS.
1639 2779 1653 2793 n

1155 2821 1225 2848 2302.
1247 2818 1306 2855 Qui
1335 2817 1431 2851 locus,
1460 2826 1539 2855 pour
1558 2814 1673 2854 aliquis
1695 2823 1736 2843 ou
1758 2813 1844 2854 quis·
1896 2817 1905 2835 '—

1111 2876 1200 2904 quam
1219 2865 1393 2904 equivalant
1420 2865 1435 2893 a
1470 2863 1567 2894 ullus.
1597 2865 1787 2902 Remarquez
1817 2861 1843 2890 la

1111 2913 1259 2953 longucur
1289 2914 1328 2943 de
1358 2918 1437 2942 cette
1467 2910 1595 2952 periode
1624 2909 1677 2951 qui
1707 2908 1757 2939 n’u
1790 2918 1844 2948 pas

1113 2960 1212 2990 moins
1223 2961 1262 2991 dc
1287 2965 1320 2991 13
1339 2971 1422 2997 vers3
1439 2959 1477 2990 cs.
1496 2964 1568 2990 note
1583 2969 1620 2989 au
1638 2967 1667 2990 v.
1689 2961 1757 2989 110.
