2128 3299
347 215 397 252 88
819 217 890 252 DE
927 214 1128 251 RERUM
1168 213 1411 250 NATURA

345 304 594 362 Imbribus,
617 313 661 349 et
687 304 807 366 ripas
831 303 1036 348 radentia
1060 302 1247 347 flumina
1267 301 1455 347 rodunt.

347 385 570 426 Praeterea
591 398 676 444 pro
696 392 824 444 parte
844 399 940 439 sua,
971 380 1292 443 quodcumque
1316 379 1405 424 alid
1425 389 1579 441 auget,

347 459 571 505 Redditur

599 477 608 503 z
634 469 678 504 et
696 459 910 520 quoniam
931 459 1071 503 dubio
1094 457 1255 520 procul
1280 473 1371 502 esse
1390 456 1570 502 videtur

347 536 652 599 Omniparens
673 537 831 582 eadem
858 554 1011 582 rerum
1035 551 1279 581 commune
1299 534 1580 596 sepulcrum,

346 618 467 676 Ergo
488 625 607 659 terra
634 614 714 659 tibi
741 614 906 661 libatur
929 625 973 660 et
995 623 1124 660 aucta
1149 612 1374 658 reereseit.
1821 624 1882 655 260

409 692 547 750 Quod
568 702 789 754 superest,
819 709 980 738 umore
1002 708 1121 737 novo
1140 707 1281 747 mare,
1308 690 1514 750 flumina,
1539 691 1688 736 fontes

344 772 533 832 Semper
558 770 792 816 abundare
815 781 860 816 et
885 770 1037 816 latices
1059 785 1244 814 manare
1271 769 1484 830 perennis

343 848 415 894 Nil
439 865 555 911 opus
577 858 643 894 est
667 848 814 893 verbis
841 866 852 894 z
875 865 1066 910 magnus
1094 846 1309 892 decursus
1332 863 1552 908 aquarum

349 926 559 988 Undique
582 926 796 973 declarat.
816 926 902 971 Sed
926 926 1125 989 primum
1146 924 1361 987 quiequid
1390 924 1522 987 aquai

343 1003 551 1061 Tollitur,
579 1005 625 1049 in
648 1021 915 1067 summaque
938 1004 988 1050 fit
1014 1013 1065 1049 ut
1087 1003 1150 1048 nil
1171 1019 1304 1047 umor
1331 1003 1548 1061 abundet,
1725 1038 1727 1041 .
1823 1014 1885 1046 265

345 1082 517 1127 Partim
541 1081 663 1144 quod
684 1081 822 1127 validi
844 1092 1076 1128 verrentes
1101 1097 1288 1143 aequora
1313 1080 1435 1126 venti

348 1159 624 1206 Diminuunt
653 1159 878 1222 radiisque
902 1170 1106 1206 retexens
1130 1158 1343 1204 aetherius
1360 1157 1445 1216 sol,

343 1304 561 1346 pro'Cluent„
597 1306 654 1333 436
676 1316 683 1333 :
704 1317 719 1331 α
745 1314 813 1334 cum
837 1314 901 1333 rem
930 1314 1016 1343 paene
1041 1304 1079 1333 ad

346 1363 453 1384 manus
486 1358 675 1388 revocasset;
704 1365 718 1378 »
761 1363 792 1381 re
826 1353 903 1392 perd
936 1358 1020 1382 toute
1048 1363 1079 1382 sa

347 1403 448 1432 soree:
467 1399 598 1430 Lucrece
616 1399 670 1429 fait
692 1400 770 1429 aussi
792 1401 819 1430 le
844 1401 941 1430 meme
965 1400 1080 1440 emploi

343 1451 385 1479 de
398 1462 412 1476 «
424 1449 514 1479 redeo
531 1459 599 1484 »,v‚
616 1451 695 1477 4439
713 1459 720 1475 :
739 1461 753 1475 α
771 1459 818 1477 res
831 1449 934 1488 itaque
951 1449 989 1477 ad
1004 1459 1078 1477 sum·

347 1508 425 1527 mam
448 1496 542 1526 facem
564 1496 732 1536 turbasque
746 1496 878 1526 redibat.
902 1510 917 1522 »

390 1548 461 1574 256.
480 1545 577 1584 Ripas
591 1543 733 1572 radentia
751 1543 872 1573 rodunt.
893 1545 1083 1583 Remarqucz

346 1592 442 1622 l’esl'et
463 1591 655 1620 d'harmonie
679 1592 838 1621 imitative.
856 1592 882 1620 11
899 1603 918 1631 y
942 1603 957 1620 a
981 1591 1080 1621 ici-un

348 1648 426 1671 reste
446 1640 483 1669 de
499 1639 704 1669 l'elliteration
720 1639 746 1668 si
764 1640 876 1680 goutee
891 1641 944 1669 des
960 1639 1082 1669 :inciens

348 1688 466 1729 poetes.
486 1703 527 1710 —
543 1687 678 1718 Rodunt.
703 1687 750 1719 Cf.
778 1690 909 1729 Horace,
937 1687 1030 1723 odes,
1053 1689 1081 1724 I,

350 1740 402 1773 34,
415 1740 430 1765 7
451 1747 458 1764 :
481 1749 491 1762 t<
507 1746 569 1764 non
583 1746 653 1764 rura
671 1746 739 1775 quae
757 1735 835 1765 Liris
850 1735 951 1775 quieta
960 1736 1084 1765 Mordet

349 1795 441 1824 aqua,
466 1783 639 1812 taciturnus
658 1783 800 1815 amnis.»
820 1783 960 1825 Eschyle,
981 1785 1080 1813 Prom.

349 1836 422 1868 367,
441 1842 458 1861 a
476 1831 579 1860 donne'
602 1831 655 1861 des
676 1832 763 1860 deuts
791 1843 828 1861 au
847 1831 944 1861 fleuve
965 1832 1004 1861 de
1018 1832 1083 1861 lave

348 1880 533 1910 descendant
545 1880 582 1908 de
598 1879 719 1909 l'Etna:
737 1879 813 1911 'e'evO
806 1892 822 1911 t
841 1875 895 1920 ἐκρ
902 1878 1083 1936 ει”“[[’,σῡνταί

349 1940 429 1961 ποπ
450 1927 522 1960 ssot
527 1938 606 1967 :cum
629 1938 729 1968 τυρος
752 1926 927 1964 δάπτοντες
956 1923 1031 1968 &spe
1036 1939 1084 1964 αις

351 1975 480 2017 γιάῦοις
503 1974 818 2016 T·r,;m).)v1.r2p⁷mu
845 1974 922 2007 Σικ-
914 1974 958 2007 ε)’
951 1977 1048 2012 aa:
1050 1988 1084 2007 ψ

353 2035 411 2065 ρας
430 2023 522 2064 γύας.

396 2075 467 2100 257.
493 2070 581 2107 Alid,
608 2081 687 2110 pour
708 2071 813 2110 aliud,
845 2070 986 2110 frequent
1010 2073 1085 2101 dans

352 2118 495 2150 Lucrece.
513 2118 562 2149 Cf.
582 2119 609 2154 I,
633 2123 704 2158 264,
733 2124 830 2155 ⁴⁴083
856 2120 906 2159 ΙΙ,
929 2124 1000 2155 9:33,
1026 2126 1082 2150 etc.

395 2171 467 2196 258.
493 2167 660 2207 Redditur,
686 2168 872 2197 c'est-h-dire
897 2167 1083 2208 restituitur,

352 2215 545 2251 retribuitur,
577 2222 743 2256 recreatur,
774 2215 1019 2244 conformement
1049 2227 1086 2245 nu

353 2262 492 2303 principe
507 2262 581 2291 emis
597 2274 626 2295 v.
644 2267 701 2292 322
721 2275 728 2293 :
757 2277 771 2290 a
789 2264 1005 2302 quodcumque
1021 2263 1088 2293 aliis

353 2322 390 2340 ex
418 2321 449 2340 se
470 2322 517 2340 res
540 2317 631 2351 auget
655 2311 782 2351 alitque,
810 2311 954 2341 Deminui
983 2311 1084 2348 debet,

353 2360 485 2388 recreari
506 2369 573 2387 cum
600 2359 712 2398 recipit
732 2369 789 2388 reS.
822 2372 836 2386 »
863 2359 1021 2395 Marullus,
1049 2370 1087 2389 en

354 2406 487 2437 e'crivant
509 2406 637 2440 roditur,
661 2407 708 2435 n'a
729 2417 782 2446 pas
806 2417 845 2435 vu
870 2417 930 2446 que
953 2407 980 2436 le
997 2407 1088 2446 poete

354 2453 520 2494 preparait,
531 2464 586 2494 par
595 2453 622 2483 le
636 2455 785 2491 redditur,
799 2469 809 2480 ιι
820 2460 906 2484 aucta
918 2454 1058 2484 recrescit
1070 2468 1083 2481 n

353 2503 394 2531 du
417 2513 447 2533 v.
468 2506 541 2532 260.

396 2553 466 2581 259.
499 2550 713 2590 Omniparens.
742 2550 874 2590 Varron,
906 2552 952 2579 De
978 2550 1087 2590 lingua

354 2597 412 2626 lut.
443 2598 484 2638 V,
509 2602 544 2626 64
574 2610 580 2626 :
609 2611 623 2624 ιι
649 2597 713 2627 haec
739 2598 817 2627 enim
844 2599 944 2627 Terris
973 2599 1088 2638 genteis

353 2645 453 2674 omnis
474 2645 596 2685 peperit
624 2652 654 2674 et
683 2646 808 2675 resumit
835 2646 949 2687 denuo,
985 2653 1017 2675 ut
1045 2647 1088 2675 ait

354 2693 478 2725 Ennius.
500 2705 518 2721 n
553 2692 611 2725 Ἐ-ι.
629 2692 723 2734 γαίης
743 2692 805 2734 γὰρ
834 2691 942 2726 πάντα
968 2694 1027 2726 καὶ
1045 2690 1088 2731 εἷς

354 2743 413 2781 γῆν
432 2740 541 2774 πάντα
560 2743 706 2779 τελε-πᾶ,
737 2741 868 2770 attribue
894 2752 949 2780 pur
977 2742 1087 2771 Stoliee

352 2787 367 2816 ἐι
379 2787 578 2827 xenophane.
592 2778 745 2827 Euripide,
758 2789 899 2828 Antiope,
910 2791 1005 2827 Frag.
1016 2794 1022 2817 4
1034 2794 1083 2823 95,

355 2835 486 2873 (Nauck)
506 2845 513 2867 ε
543 2850 553 2862 c
576 2835 704 2869 ἅπαντα
721 2835 818 2869 τίκτει
837 2838 923 2878 χθὼν
941 2836 1037 2869 πάὴν
1052 2849 1085 2869 τε

352 2883 522 2922 λαμῑὶάνει,
540 2896 558 2912 n
576 2902 615 2907 -—-
633 2886 797 2914 Ctmnnune
818 2884 1004 2924 sepulcrum.
1025 2886 1086 2914 Ca-

351 2930 436 2966 tulle,
464 2935 515 2972 Gn,
538 2936 576 2960 85)
600 2944 606 2960 ι
632 2946 645 2959 ιι
666 2933 770 2972 Troja,
799 2932 893 2968 nefas,
925 2943 1085 2962 commune

349 2978 542 3017 sepulchrum
563 2980 637 3008 Asiae
657 2981 861 3020 Europaeque.
881 2993 895 3008 n

1197 1306 1268 1333 260.
1297 1302 1374 1332 Tibi.
1396 1301 1546 1343 L'emploi
1563 1303 1605 1333 du
1617 1303 1696 1333 datis
1708 1302 1834 1345 lethique
1842 1311 1888 1336 est

1152 1350 1213 1381 tres
1236 1350 1377 1390 frequent
1395 1351 1471 1380 dans
1492 1350 1636 1387 Lucriwe,
1664 1353 1692 1390 1,
1714 1356 1787 1390 733,
1811 1357 1885 1396 797,

1154 1399 1284 1435 9⁴8;11‚
1301 1402 1374 1435 500,
1390 1399 1796 1441 ⁴038;111‚⁴97,279;1V,
1813 1405 1887 1444 51⁴,

1154 1451 1227 1483 875,
1239 1453 1297 1476 etc.
1313 1464 1353 1469 —
1369 1446 1501 1476 Libatur
1518 1453 1549 1476 et
1570 1454 1665 1477 aucta
1680 1449 1888 1488 recrescit5en

1153 1494 1236 1530 esset,
1254 1505 1372 1524 comme
1396 1494 1561 1535 l'explique
1581 1495 1764 1532 Wakefield,
1789 1496 1888 1527 solum

1152 1542 1234 1582 quod
1244 1543 1362 1582 fluvius
1389 1542 1460 1572 inde
1483 1549 1594 1572 auctus
1620 1544 1794 1588 abraserat,
1815 1544 1889 1574 limo

1153 1591 1299 1631 deposito,
1316 1589 1424 1619 telluri
1434 1590 1611 1622 redonatur.
1626 1591 1890 1623 Icinockemiiller

1155 1638 1306 1668 introduit
1326 1638 1368 1668 les
1395 1648 1461 1668 vers
1487 1642 1644 1671 306-347.
1674 1640 1699 1669 11
1724 1640 1800 1670 ecrit
1813 1641 1889 1671 ainsi

1154 1687 1182 1716 le
1211 1697 1241 1718 v,
1271 1689 1329 1714 342
1355 1698 1361 1715 z
1392 1697 1506 1727 quoeres
1536 1697 1680 1728 proporro
1711 1687 1773 1717 sibi
1800 1699 1890 1729 quor-

1154 1735 1201 1763 su'
1219 1741 1341 1763 senecta
1365 1734 1535 1763 recedunt?
1550 1746 1587 1763 au
1615 1745 1643 1764 v.
1664 1739 1736 1772 344,
1758 1736 1777 1765 il
1805 1747 1889 1766 rem-

1154 1784 1240 1822 place
1265 1782 1386 1811 validas
1408 1783 1462 1811 oevi
1489 1783 1566 1812 vires
1590 1793 1645 1822 par
1666 1783 1782 1814 validos
1797 1791 1890 1815 aestus

1155 1831 1243 1861 vires.
1265 1829 1362 1869 Aprzes
1386 1841 1421 1860 ce
1445 1840 1587 1860 moreeau
1607 1830 1629 1859 il
1647 1831 1734 1870 place
1755 1831 1798 1862 les
1821 1843 1889 1864 vers

1158 1882 1322 1914 281-5305;
1350 1877 1419 1917 puis
1442 1878 1484 1907 les
1508 1888 1575 1907 vers
1593 1881 1733 1908 273-280
1755 1885 1786 1909 et
1806 1879 1888 1910 enfin

1158 1929 1314 1956 264-272.
1340 1943 1382 1948 --
1403 1927 1484 1956 C'est
1514 1936 1550 1954 au
1581 1936 1611 1957 ν.
1640 1929 1698 1956 347
1723 1927 1890 1959 seulement

1156 1984 1216 2013 que
1234 1974 1276 2002 les
1291 1973 1415 2004 chiffres
1435 1974 1621 2004 concordent
1631 1975 1670 2004 de
1685 1985 1837 2008 nouveau.

1200 2024 1271 2051 203.
1297 2021 1352 2051 Nil
1364 2032 1438 2062 opus
1460 2029 1506 2051 est
1525 2021 1633 2053 verbis.
1651 2022 1808 2064 Suppleez
1832 2023 1889 2054 tle-

1157 2069 1289 2100 clarare.

1203 2122 1274 2154 264,
1302 2121 1360 2146 284
1386 2123 1416 2147 et
1442 2120 1512 2149 304.
1537 2118 1694 2159 Quicquid
1709 2117 1854 2159 equivaut
1873 2120 1889 2149 Ξι

1158 2166 1296 2207 quicque.
1328 2166 1410 2196 c’est
1433 2176 1474 2195 uu
1501 2166 1669 2196 arelia'isme
1694 2177 1776 2197 assez
1802 2177 1891 2197 coin-

1159 2225 1232 2243 mun
1256 2215 1332 2243 dans
1349 2213 1492 2250 Lucrece‚
1517 2213 1570 2253 qui
1595 2214 1622 2243 le
1649 2215 1800 2244 construit
1819 2225 1892 2246 avec

1160 2273 1264 2301 unum,
1284 2263 1428 2302 primum,
1459 2272 1610 2290 summum
1619 2275 1632 2296 ,·
1662 2272 1702 2290 on
1734 2262 1762 2292 le
1784 2268 1892 2292 trouve

1160 2310 1238 2339 aussi
1257 2311 1332 2339 dans
1348 2310 1463 2346 Plauto,
1487 2315 1517 2338 et
1542 2311 1638 2339 meme
1655 2310 1732 2339 dans
1764 2310 1892 2341 Ciceron

1162 2357 1217 2397 (cf.
1227 2357 1366 2397 Madvig,
1383 2358 1419 2386 de
1437 2357 1553 2395 FinN,
1570 2357 1635 2397 24),
1648 2357 1724 2387 ainsi
1740 2368 1801 2398 que
1816 2359 1892 2388 dans

1159 2405 1299 2441 T.-Live‚
1317 2405 1562 2446 XXXV111‚47‚
1583 2408 1640 2435 ⁴3:
1659 2418 1674 2432 α
1695 2405 1726 2435 iu
1739 2416 1791 2436 sua
1806 2406 1893 2446 quic-

1160 2453 1234 2493 quid
1258 2453 1339 2483 sede.
1362 2467 1370 2478 n
1397 2454 1502 2490 Qunnt
1527 2454 1543 2481 {1
1563 2453 1589 2482 la
1605 2453 1740 2483 locution
1758 2454 1893 2494 primum

1159 2501 1315 2541 quicquid,
1340 2501 1393 2539 qui
1415 2511 1446 2530 se
1470 2507 1610 2531 retrouve
1634 2506 1688 2530 294
1718 2507 1750 2531 et
1769 2505 1842 2542 304,
1861 2508 1894 2533 et

1161 2549 1213 2588 qui
1231 2549 1348 2588 signisn:
1361 2563 1374 2575 «
1393 2549 1511 2588 chaque
1523 2549 1615 2579 chose
1630 2549 1891 2586 successivement,

1160 2598 1240 2626 l'unc
1259 2596 1346 2636 apres
1371 2597 1479 2626 l'autre
1498 2610 1529 2633 »,
1548 2597 1603 2627 elle
1620 2597 1697 2627 n'est
1719 2607 1772 2638 pas
1793 2597 1894 2638 parti-

1161 2645 1271 2674 culta-re
1282 2655 1316 2674 au
1329 2645 1434 2684 poi-tm
1444 2645 1519 2674 ainsi
1528 2644 1655 2676 Ciceron
1666 2646 1890 2681 recommande,

1160 2695 1198 2722 de
1211 2694 1293 2727 Ima,
1311 2694 1384 2733 1‚33
1404 2704 1410 2721 :
1431 2706 1444 2719 α
1465 2699 1498 2723 ut
1513 2699 1543 2722 et
1557 2693 1658 2733 prima
1675 2703 1890 2736 quoequepars,

1160 2747 1192 2770 ut
1218 2740 1357 2780 expositu
1379 2741 1417 2769 sit
1451 2741 1482 2770 in
1511 2740 1688 2780 partitione,
1713 2739 1756 2770 sic
1785 2741 1892 2772 ordine

1160 2789 1359 2829 transigatur;
1393 2802 1403 2814 n
1432 2787 1602 2829 Tite-Live,
1631 2788 1737 2829 XLII,
1762 2792 1814 2824 32,
1835 2792 1853 2819 7
1879 2801 1886 2819 :

1161 2850 1175 2863 «
1197 2847 1265 2865 cum
1297 2836 1410 2865 tribuni
1440 2836 1583 2877 militum,
1615 2836 1669 2876 qui
1700 2835 1891 2867 centuriones

1158 2891 1257 2914 essent
1268 2884 1399 2924 primum
1415 2895 1562 2925 quemque
1573 2883 1713 2914 citarent.
1729 2896 1744 2911 n

1202 2937 1272 2964 2177.
1299 2933 1463 2969 Retexens,
1498 2933 1583 2962 selon
1621 2930 1793 2961 Wakefield
1818 2942 1825 2961 :
1857 2931 1890 2962 in

1156 2981 1330 3020 particulas
1356 2981 1549 3010 tenuissimas
1576 2979 1739 3016 resolvens,
1765 2984 1795 3008 et
1816 2985 1888 3009 tunc

2115 3044 2122 3077 2..
2116 2890 2125 2996 μμΠ-,ᾼ-

2098 3138 2119 3299 *deuant*
2112 3100 2121 3107 L
